@book{abrial2005b,
	author = {Abrial, J.-R.},
	title = {The B-book: Assigning Programs to Meanings},
	year = {1996},
	isbn = {0-521-49619-5},
	publisher = {Cambridge University Press},
	address = {New York, NY, USA},
} 

@book{EventBBook,
	author = {Abrial, J.-R.},
	title = {Modeling in Event-B: System and Software Engineering},
	year = {2013},
	isbn = {1139195883, 9781139195881},
	publisher = {Cambridge University Press},
	address = {New York, NY, USA},
}

@inproceedings{alur2011formal,
	author = {Alur, R.},
	title = {Formal Verification of Hybrid Systems},
	booktitle = {Proceedings of the Ninth ACM International Conference on Embedded Software},
	series = {EMSOFT '11},
	year = {2011},
	isbn = {978-1-4503-0714-7},
	location = {Taipei, Taiwan},
	pages = {273--278},
	numpages = {6},
	url = {http://doi.acm.org/10.1145/2038642.2038685},
	doi = {10.1145/2038642.2038685},
	acmid = {2038685},
	publisher = {ACM},
	address = {New York, NY, USA},
	keywords = {control systems, formal methods, hybrid systems, model checking},
} 

@article{alur1995algorithmic,
	author = {Alur, R. and Courcoubetis, C. and Halbwachs, N. and Henzinger, T. A. and Ho, P.-H. and Nicollin, X. and Olivero, A. and Sifakis, J. and Yovine, S.},
	title = {The Algorithmic Analysis of Hybrid Systems},
	journal = {Theor. Comput. Sci.},
	issue_date = {Feb. 6, 1995},
	volume = {138},
	number = {1},
	month = feb,
	year = {1995},
	issn = {0304-3975},
	pages = {3--34},
	numpages = {32},
	url = {http://dx.doi.org/10.1016/0304-3975(94)00202-T},
	doi = {10.1016/0304-3975(94)00202-T},
	acmid = {202381},
	publisher = {Elsevier Science Publishers Ltd.},
	address = {Essex, UK},
} 

@inproceedings{babin2015refinement,
	title={Refinement and proof based development of systems characterized by continuous functions},
	author={Babin, G. and A{\"\i}t-Ameur, Y. and Nakajima, S. and Pantel, M.},
	booktitle={International Symposium on Dependable Software Engineering: Theories, Tools, and Applications},
	pages={55--70},
	year={2015},
	organization={Springer}
}


@inproceedings{ActionSystems,
	author = {Back, R.-J.},
	title = {Refinement Calculus, Part II: Parallel and Reactive Programs},
	booktitle = {Proceedings on Stepwise Refinement of Distributed Systems: Models, Formalisms, Correctness},
	series = {REX workshop},
	year = {1990},
	isbn = {0-387-52559-9},
	location = {Mook, The Netherlands},
	pages = {67--93},
	numpages = {27},
	url = {http://dl.acm.org/citation.cfm?id=91930.91938},
	acmid = {91938},
	publisher = {Springer-Verlag New York, Inc.},
	address = {New York, NY, USA},
} 

@article{banach2015core,
	title={Core hybrid Event-B I: single hybrid Event-B machines},
	author={Banach, R. and Butler, M. and Qin, S. and Verma, N. and Zhu, H.},
	journal={Science of Computer Programming},
	volume={105},
	pages={92--123},
	year={2015},
	publisher={Elsevier}
}

 @inproceedings{banci2004role,
 	title={The role of formal methods in developing a distributed railway interlocking system},
 	author={Banci, M. and Fantechi, A. and Gnesi, S.},
 	booktitle={Proceedings of the 5th Symposium on Formal Methods for Automation and Safety in Railway and Automotive Systems (FORMS/FORMAT 2004)},
 	pages={220--230},
 	year={2004}
 }
 
 @article{butler2002system,
 	author = {Butler, M.},
 	title = {A System-Based Approach to the Formal Development of Embedded Controllers for a Railway},
 	journal = {Design Automation for Embedded Systems},
 	issue_date = {July      2002},
 	volume = {6},
 	number = {4},
 	month = jul,
 	year = {2002},
 	issn = {0929-5585},
 	pages = {355--366},
 	numpages = {12},
 	url = {http://dx.doi.org/10.1023/A:1016503426126},
 	doi = {10.1023/A:1016503426126},
 	acmid = {2701783},
 	publisher = {Kluwer Academic Publishers}
 }
 
 @inproceedings{cimatti1999formal,
 	author = {Cimatti, A. and Pieraccini, P. L. and Sebastiani, R. and Traverso, P. and Villafiorita, A.},
 	title = {Formal Specification and Validation of a Vital Communication Protocol},
 	booktitle = {Proceedings of the Wold Congress on Formal Methods in the Development of Computing Systems-Volume II},
 	series = {FM '99},
 	year = {1999},
 	isbn = {3-540-66588-9},
 	pages = {1584--1604},
 	numpages = {21},
 	acmid = {730632},
 	publisher = {Springer-Verlag}
 } 
 
 @inproceedings{Cimatti2009,
 	author = {Cimatti, A. and Roveri, M. and Tonetta, S.},
 	title = {Requirements Validation for Hybrid Systems},
 	booktitle = {Proceedings of the 21st International Conference on Computer Aided Verification},
 	series = {CAV '09},
 	year = {2009},
 	isbn = {978-3-642-02657-7},
 	location = {Grenoble, France},
 	pages = {188--203},
 	numpages = {16},
 	url = {http://dx.doi.org/10.1007/978-3-642-02658-4_17},
 	doi = {10.1007/978-3-642-02658-4_17},
 	acmid = {1575080},
 	publisher = {Springer-Verlag}
 } 
 
 @article{damm2006verification,
 	author = { Damm, W.  and  Hungar, H.  and  Olderog, E.R.},
 	title = {Verification of cooperating traffic agents},
 	journal = {International Journal of Control},
 	volume = {79},
 	number = {5},
 	pages = {395-421},
 	year = {2006},
 	doi = {10.1080/00207170600587531} 	
 }
 
 @book{george1995raise,
 	title={The RAISE development method},
 	author={George, C. and Haxthausen, A.E. and Hughes, S. and Milne, R. and Prehn, S. and Pedersen, J.S.},
 	year={1995},
 	publisher={Prentice Hall Int.}
 }
 
 @article{haxthausen2000formal,
 	title={Formal development and verification of a distributed railway control system},
 	author={Haxthausen, A.E. and Peleska, J.},
 	journal={IEEE Transactions on Software Engineering},
 	volume={26},
 	number={8},
 	pages={687--701},
 	year={2000},
 	publisher={IEEE}
 }
 
 
 @INPROCEEDINGS{hei2008toward,
 	author={Hei, X. and Takahashi, S. and Hideo, N.},
 	booktitle={Proceedings of the IEEE Conference on Robotics, Automation and Mechatronics},
 	title={Toward developing a Decentralized Railway Signalling System Using Petri Nets},
 	year={2008},
 	pages={851-855},
 	doi={10.1109/RAMECH.2008.4681511},
 	ISSN={2158-2181}}
 
 @TechReport{	  atr2,
 	title		= {A Comparative Reliability Analysis of {ETCS} Train Radio
 	Communications},
 	author	= {Hermanns, H. and Jansen, D.N. and Usenko, Y.S.},
 	institution	= {SFB/TR 14 AVACS},
 	year		= {2005},
 	month		= {February},
 	note		= {ISSN: 1860-9821, http://www.avacs.org},
 	number	= {2},
 	type		= {Reports of SFB/TR 14 AVACS},
 	editor	= {Bernd Becker and Werner Damm and Martin Fr{\"a}nzle and
 	Ernst-R{\"u}diger Olderog and Andreas Podelski and Reinhard
 	Wilhelm},
 	pdf		= {avacs_technical_report_002.pdf},
 	series	= {ATR},
 	subproject	= {S3}
 }
 
 @inbook {iliasov2014unified,
 	title = {Unified Train Driving Policy},
 	author = {Iliasov, A. and Lopatkin, I. and Romanovsky, A.},
 	author = {},
 	publisher = {John Wiley \& Sons, Inc.},
 	isbn = {9781119002727},
 	url = {http://dx.doi.org/10.1002/9781119002727.ch15},
 	doi = {10.1002/9781119002727.ch15},
 	pages = {447--474},
 	keywords = {formal modeling language, modeling notation, railway networks, unified train driving policy (UTDP), well-formedness},
 	booktitle = {Formal Methods Applied to Complex Systems},
 	year = {2014},
 }
 
 @article{kim2012cyber,
 	author={K. D. Kim and P. R. Kumar},
 	journal={Proceedings of the IEEE},
 	title={Cyber--Physical Systems: A Perspective at the Centennial},
 	year={2012},
 	volume={100 },
 	number={Special Centennial Issue},
 	pages={1287-1308},
 	doi={10.1109/JPROC.2012.2189792},
 	ISSN={0018-9219},
 	month={May},}
 
 @INPROCEEDINGS{kiss2016developing,
 	author={T. Kiss and K. T. J{\'a}nosi-Rancz},
 	booktitle={Proceedings of the IEEE 11th International Symposium on Applied Computational Intelligence and Informatics (SACI)},
 	title={Developing railway interlocking systems with session types and Event-B},
 	year={2016},
 	pages={93-98},
 	doi={10.1109/SACI.2016.7507347},
 	month={May},}
 
 
 @incollection{knudsen2007design,
 	title={Design verification patterns},
 	author={Knudsen, J. and Ravn, A.P and Skou, A.},
 	booktitle={Formal methods and hybrid real-time systems},
 	pages={399--413},
 	year={2007},
 	publisher={Springer}
 }
 
 @inproceedings{liu2011formal,
 	title={Formal modeling and verification of RBC handover of ETCS using differential dynamic logic},
 	author={Liu, Y. and Tang, T. and Liu, J. and Zhao, L. and Xu, T.},
 	booktitle={Proceedings of the International Symposium on the Autonomous Decentralized Systems (ISADS)},
 	pages={67--72},
 	year={2011},
 	organization={IEEE}
 }
 
 @mastersthesis{madsen2005modelling,
 	title={Modelling a distributed railway control system},
 	author={Madsen, M.S. and B{\ae}k, M.M.},
 	year={2005},
 	school={Technical University of Denmark, DTU, DK-2800 Kgs. Lyngby, Denmark}
 }
 
 
 
 @phdthesis{morley1996safety,
	title={Safety assurance in interlocking design},
	author={Morley, M.J.},
	year={1996},
	publisher={University of Edinburgh. College of Science and Engineering. School of Informatics.}
}

@article{platzer2008differential,
	title={Differential dynamic logic for hybrid systems},
	author={Platzer, A.},
	journal={Journal of Automated Reasoning},
	volume={41},
	number={2},
	pages={143--189},
	year={2008},
	publisher={Springer}


@inproceedings{platzer2009european,
	title={European Train Control System: A case study in formal verification},
	author={Platzer, A. and Quesel, J.-D.},
	booktitle={Proceedings of the International Conference on Formal Engineering Methods},
	pages={246--265},
	year={2009},
	organization={Springer}
}

@inproceedings{platzer2008keymaera,
title={Keymaera: A hybrid theorem prover for hybrid systems (system description)},
author={Platzer, A. and Quesel, J.-D.},
booktitle={Proceedings of the International Joint Conference on Automated Reasoning},
pages={171--178},
year={2008},
organization={Springer}
}

@TechReport{advanced,
title={Final Report On Application On Railway Domai, Deliverable D1.4 Workpackage 1.},
author={ADVANCE project.},
booktitle={},
year={November 30, 2014.}
}

@TechReport{intocps,
title={Case Studies 2, Deliverable D1.2},
author={INTO-CPS project.},
year={11 2016.}
}

@INPROCEEDINGS{sha2009cyber,
author={L. Sha and S. Gopalakrishnan and X. Liu and Q. Wang},
booktitle={Proceedings of the IEEE International Conference on Sensor Networks, Ubiquitous, and Trustworthy Computing (SUTC 2008)},
title={Cyber-Physical Systems: A New Frontier},
year={2008},
pages={1-9},
keywords={ubiquitous computing;President Council of Advisors on Science and Technology;cyber-physical systems;federal research investment;sensor networks;trustworthy computing;ubiquitous computing;Aging;Computer networks;Costs;Councils;Diseases;Energy consumption;Pervasive computing;Physics computing;Sensor systems;Transportation},
doi={10.1109/SUTC.2008.85},
month={June},}

@inproceedings{silva2001assessment,
title={An assessment of the current status of algorithmic approaches to the verification of hybrid systems},
author={Silva, B.I. and Stursberg, O. and Krogh, B.H. and Engell, S.},
booktitle={Proceedings of the 40th IEEE Conference on Decision and Control},
volume={3},
pages={2867--2874},
year={2001},
organization={IEEE}
}


@inproceedings{stankaitis2016safety,
	author="Stankaitis, P.
	and Iliasov, A.",
	title="Safety Verification of Heterogeneous Railway Networks",
	bookTitle="Proceedings of the First International Conference on Reliability, Safety, and Security of Railway Systems. Modelling, Analysis, Verification, and Certification: RSSRail 2016",
	year="2016",
	organization="Springer",
	pages="150--159",

}

@inproceedings{platzer2010quantified,
title={Quantified differential dynamic logic for distributed hybrid systems},
author={Platzer, A.},
booktitle={Proceedings of the International Workshop on Computer Science Logic},
pages={469--483},
year={2010},
organization={Springer}
}







@Inbook{Abrial2006,
	author="Abrial, Jean-Raymond",
	editor="Butler, Michael
	and Jones, Cliff B.
	and Romanovsky, Alexander
	and Troubitsyna, Elena",
	title="Train Systems",
	bookTitle="Rigorous Development of Complex Fault-Tolerant Systems",
	year="2006",
	publisher="Springer Berlin Heidelberg",
	address="Berlin, Heidelberg",
	pages="1--36",
	isbn="978-3-540-48267-3",
	doi="10.1007/11916246_1",
	url="http://dx.doi.org/10.1007/11916246_1"
}



@inproceedings{lee2008cyber,
	title={Cyber physical systems: Design challenges},
	author={Lee, Edward A},
	booktitle={Object Oriented Real-Time Distributed Computing (ISORC), 2008 11th IEEE International Symposium on},
	pages={363--369},
	year={2008},
	organization={IEEE}
}



@article{carloni2006languages,
	title={Languages and tools for hybrid systems design},
	author={Carloni, Luca P and Passerone, Roberto and Pinto, Alessandro and Sangiovanni-Vincentelli, Alberto L and others},
	journal={Foundations and Trends in Electronic Design Automation},
	volume={1},
	number={1--2},
	pages={1--193},
	year={2006},
	publisher={Now Publishers, Inc.}
}
















}







@article{lygeros1999hybrid,
	title={Hybrid systems: modeling, analysis and control},
	author={Lygeros, John and Tomlin, Claire and Sastry, Shankar},
	journal={preprint},
	year={1999}
}











@article{banach2015core,
	title={Core hybrid Event-B I: single hybrid Event-B machines},
	author={Banach, Richard and Butler, Michael and Qin, Shengchao and Verma, Nitika and Zhu, Huibiao},
	journal={Science of Computer Programming},
	volume={105},
	pages={92--123},
	year={2015},
	publisher={Elsevier}
}




@inproceedings{liu2011formal,
	title={Formal modeling and verification of RBC handover of ETCS using differential dynamic logic},
	author={Liu, Yupeng and Tang, Tao and Liu, Jintao and Zhao, Lin and Xu, Tianhua},
	booktitle={Autonomous Decentralized Systems (ISADS), 2011 10th International Symposium on},
	pages={67--72},
	year={2011},
	organization={IEEE}
}


@article{HOANG2009879,
	title = "Developing topology discovery in Event-B",
	journal = "Science of Computer Programming",
	volume = "74",
	number = "11",
	pages = "879 - 899",
	year = "2009",
	issn = "0167-6423",
	doi = "https://doi.org/10.1016/j.scico.2009.07.006",
	url = "http://www.sciencedirect.com/science/article/pii/S0167642309001117",
	author = "Thai Son Hoang and Hironobu Kuruma and David Basin and Jean-Raymond Abrial",
	keywords = "Formal methods",
	keywords = "Routing",
	keywords = "Refinement",
	keywords = "Event-B",
	keywords = "Topology discovery"
}






















